@online{stream,
	author = {NASA Cosmos and Lang, Kenneth R.},
	url = {https://ase.tufts.edu/cosmos/view_picture.asp?id=1305},
	year = {2010},
	title = {Comets produce meteor showers}
}

@article{watervapour,
	author = {Whipple, F. L.},
	year = {1951},
	title = {A Comet Model. II. Physical Relations for Comets and Meteors},
	journal = {Astrophysical Journal},
	volume = {113},
	pages = {464}
}

@article{palladian,
	author = {Marsden, Brian G.},
	title = {1983 TB and the Geminid meteors},
	year = {1983},
	journal = {IAUC},
	number = {3881}
}

@online{rmob,
	title = {Radio Meteor Observation Bulletin},
	url = {rmob.org}
}

@online{hrofft,
	title = {HROFFT software download},
	url = {http://www.rmob.org/links.php}
}

@online{hrofftimg,
	url = {www.g4fui.net/meteors.html},
	title = {Detecting Meteors by Radio in Penrith, Cumbria}
}

@online{forwardscatter,
	url = {www.skyscan.ca/HowItWorks.htm},
	title = {Radio wave propagation},
	author = {Sky Scan}
}

@online{leonids,
	author = {National Geographic and Elsevier and Littmann, M.},
	url = {http://voices.nationalgeographic.com/2014/08/30/1833-meteor-storm-started-citizen-science/},
	title = {1833 Meteor Storm Started Citizen Science}
}

@online{baa,
	author = {Morgan, D.},
	year = {2011},
	url = {http://britastro.org/radio/projects/DM-Meteor.temp/numbers.html},
	title = {Meteor numbers \& velocities}
}

@article{alomar,
	author = {Singer, W. and von Zahn, U. and Wei{\ss}, J.},
	year = {2004},
	title = {Diurnal and annual variations of meteor rates at the arctic circle},
	journal = {Atmos. Chem. Phys.},
	volume = {4},
	pages = {1355--1363}
}

@article{latitudes,
	title = {Diurnal and annual variations of meteor rates at latitudes betwen 69$^{\circ}$N and 35$^{\circ}$S},
	author = {Singer, W. and von Zahn, U. and Batista, P. P. and Fuller, B. and Latteck, R.},
	year = {2005},
	journal = {17th ESA Symposium on European Rocket and Balloon Programmes and Related Research}
}

@online{qgis,
	title = {Quantum Geographic Information System},
	url = {www.qgis.org}
}

@online{yagi,
	author = {Cisco},
	title = {Antenna Patterns and Their Meaning},
	year = {2007}
}

@article{bumba,
	author = {Bumba, V.},
	year = {1949},
	journal = {Bull. astr. Inst. Csl.},
	volume = {1},
	pages = {93}
}

@article{lindblad,
	author = {Lindblad, B. A.},
	year = {1968},
	journal = {Physics and Dynamics of Meteors},
	pages = {50--62}
}

@online{sunspot,
	author = {Space Weather Prediction Center},
	year = {2017},
	title = {Solar Cycle Progression},
	url = {http://www.swpc.noaa.gov/products/solar-cycle-progression}
}

@article{hr_correction,
	author = {Richardson, J.},
	title = {A Detailed Analysis of the Geometric Shower Radiant Altitude Correction Factor},
	journal = {WGN, Journal of the International Meteor Organization},
	volume = {27},
	year = {1999},
	number = {6},
	pages = {308--317}
}

@article{kresak,
	author = {Kres\'{a}k, \v{L}.},
	title = {A Nomogram for Computing the Zenith Hourly Rates of Meteor Showers},
	journal = {Bull. Astron. Inst. Czechoslov.},
	volume = {6},
	year = {1954},
	pages = {120}
}

@misc{imo_meteor_calendar,
	author = {International Meteor Organization},
	title = {IMO Meteor Calendar},
	howpublished = {Available at \url{www.imo.net/resources/calendar/}
				(2017/02/15)}
}

@article{zhr,
	author = {Andreev, V. V. and O. I. Belkovich and V. S. Tokhtasjev},
	title = {Selection Effects in Meteor Photographic Observations},
	journal = {Solar System Res.},
	year = {1983},
	volume = {17},
	number = {4}

}

@online{speclab,
	title = {Spectrum Lab},
	year = {2016},
	url = {http://www.qsl.net/dl4yhf/spectra1.html}
}

@article{ssim,
	author = {Wang, Z. and Bovik, A. C. and Sheikh, H. R. and Simoncelli, E. P.},
	title = {Image Quality Assessment: From Error Visibility to Structural Similarity},
	year = {2004},
	journal = {IEEE Transactions On Image Processing},
	volume = {13},
	number = {4}
}
